@article{Acar,
author = {Acar, Yasemin and Fahl, Sascha and Mazurek, Michelle L},
file = {:Users/Tobi/Library/Application Support/Mendeley Desktop/Downloaded/Acar, Fahl, Mazurek - Unknown - You Are Not Your Developer , Either A Research Agenda for Usable Security and Privacy Research Beyond E.pdf:pdf},
title = {{You Are Not Your Developer , Either : A Research Agenda for Usable Security and Privacy Research Beyond End Users}}
}
